%% LaTeX2e file `References.bib'
%% generated by the `filecontents' environment
%% from source `proposal' on 2023/04/03.
%%
@article{barnat2016analysing,
    title={Analysing sanity of requirements for avionics systems},
    author={Barnat, Ji{\v{r}}{\'\i} and Bauch, Petr and Bene{\v{s}}, Nikola and Brim, Lubo{\v{s}} and Beran, Jan and Kratochv{\'\i}la, Tom{\'a}{\v{s}}},
    journal={Formal Aspects of Computing},
    volume={28},
    pages={45--63},
    year={2016},
    publisher={Springer}
  }
  % switch this out for the longer one
@inproceedings{filipovikj2017smt,
  title={SMT-based consistency analysis of industrial systems requirements},
  author={Filipovikj, Predrag and Rodriguez-Navas, Guillermo and Nyberg, Mattias and Seceleanu, Cristina},
  booktitle={Proceedings of the Symposium on Applied Computing},
  pages={1272--1279},
  year={2017}
}
@inproceedings{kupferman2006sanity,
  title={Sanity checks in formal verification},
  author={Kupferman, Orna},
  booktitle={CONCUR 2006--Concurrency Theory: 17th International Conference, CONCUR 2006, Bonn, Germany, August 27-30, 2006. Proceedings 17},
  pages={37--51},
  year={2006},
  organization={Springer}
}
@inproceedings{leino2010dafny,
  title={Dafny: An automatic program verifier for functional correctness},
  author={Leino, K Rustan M},
  booktitle={Logic for Programming, Artificial Intelligence, and Reasoning: 16th International Conference, LPAR-16, Dakar, Senegal, April 25--May 1, 2010, Revised Selected Papers 16},
  pages={348--370},
  year={2010},
  organization={Springer}
}
% this is where I got my ideas for how to find unconstrained outputs
@inproceedings{jaffe1989completeness,
  title={Completeness, robustness, and safety in real-time software requirements specification},
  author={Jaffe, Matthew S and Leveson, Nancy G},
  booktitle={Proceedings of the 11th international conference on Software engineering},
  pages={302--311},
  year={1989}
}
@inproceedings{de2008z3,
  title={Z3: An efficient SMT solver},
  author={De Moura, Leonardo and Bj{\o}rner, Nikolaj},
  booktitle={Tools and Algorithms for the Construction and Analysis of Systems: 14th International Conference, TACAS 2008, Held as Part of the Joint European Conferences on Theory and Practice of Software, ETAPS 2008, Budapest, Hungary, March 29-April 6, 2008. Proceedings 14},
  pages={337--340},
  year={2008},
  organization={Springer}
}
@inproceedings{barnat2012checking,
  title={Checking sanity of software requirements},
  author={Barnat, Ji{\v{r}}{\'\i} and Bauch, Petr and Brim, Lubo{\v{s}}},
  booktitle={Software Engineering and Formal Methods: 10th International Conference, SEFM 2012, Thessaloniki, Greece, October 1-5, 2012. Proceedings 10},
  pages={48--62},
  year={2012},
  organization={Springer}
}
@inproceedings{rozier2016specification,
  title={Specification: The biggest bottleneck in formal methods and autonomy},
  author={Rozier, Kristin Yvonne},
  booktitle={Verified Software. Theories, Tools, and Experiments: 8th International Conference, VSTTE 2016, Toronto, ON, Canada, July 17--18, 2016, Revised Selected Papers 8},
  pages={8--26},
  year={2016},
  organization={Springer}
}
@article{meyer1992applying,
  title={Applying'design by contract'},
  author={Meyer, Bertrand},
  journal={Computer},
  volume={25},
  number={10},
  pages={40--51},
  year={1992},
  publisher={IEEE}
}
% Liskov principle
@inproceedings{liskov1987keynote,
  title={Keynote address-data abstraction and hierarchy},
  author={Liskov, Barbara},
  booktitle={Addendum to the proceedings on Object-oriented programming systems, languages and applications (Addendum)},
  pages={17--34},
  year={1987}
}
% BDDs
@article{akers1978functional,
  title={Functional testing with binary decision diagrams},
  author={Akers, SB},
  journal={Journal of Design Automation \& Fault-Tolerant Computing},
  volume={2},
  number={4},
  pages={311--331},
  year={1978},
  publisher={COMPUTER SCIENCE PRESS INC 1803 RESEARCH BLVD, ROCKVILLE, MD 20850}
}
% logic minimization using BDDs
@inproceedings{yang2000bds,
  title={BDS: A BDD-based logic optimization system},
  author={Yang, Congguang and Ciesielski, Maciej and Singhal, Vigyan},
  booktitle={Proceedings of the 37th Annual Design Automation Conference},
  pages={92--97},
  year={2000}
}
% complexity of logic minimization
@article{umans2006complexity,
  title={Complexity of two-level logic minimization},
  author={Umans, Christopher and Villa, Tiziano and Sangiovanni-Vincentelli, Alberto L},
  journal={IEEE Transactions on Computer-Aided Design of Integrated Circuits and Systems},
  volume={25},
  number={7},
  pages={1230--1246},
  year={2006},
  publisher={IEEE}
}
% two-level logic minimization
@article{coudert1994two,
  title={Two-level logic minimization: an overview},
  author={Coudert, Olivier},
  journal={Integration},
  volume={17},
  number={2},
  pages={97--140},
  year={1994},
  publisher={Elsevier}
}
% eiffel
@article{meyer1988eiffel,
  title={Eiffel: A language and environment for software engineering},
  author={Meyer, Bertrand},
  journal={Journal of Systems and Software},
  volume={8},
  number={3},
  pages={199--246},
  year={1988},
  publisher={Elsevier}
}
% AGREE
@article{mercer2023synthesizing,
  title={Synthesizing verified components for cyber assured systems engineering},
  author={Mercer, Eric and Slind, Konrad and Amundson, Isaac and Cofer, Darren and Babar, Junaid and Hardin, David},
  journal={Software and Systems Modeling},
  pages={1--21},
  year={2023},
  publisher={Springer}
}
% Alloy
@article{jackson2002alloy,
  title={Alloy: a lightweight object modelling notation},
  author={Jackson, Daniel},
  journal={ACM Transactions on software engineering and methodology (TOSEM)},
  volume={11},
  number={2},
  pages={256--290},
  year={2002},
  publisher={ACM New York, NY, USA}
}
% F#
@article{syme2010f,
  title={The F\# 2.0 language specification},
  author={Syme, Don and Hoban, Luke and Liu, Tao and Lomov, Dmitry and Margetson, James and McNamara, Brian and Pamer, Joe and Orwick, Penny and Quirk, Daniel and Smith, Chris and others},
  journal={Microsoft, August},
  year={2010}
}
% JML
@inproceedings{leavens1998jml,
  title={JML: a Java modeling language},
  author={Leavens, Gary T and Baker, Albert L and Ruby, Clyde},
  booktitle={Formal Underpinnings of Java Workshop (at OOPSLAâ€™98)},
  pages={404--420},
  year={1998},
  organization={Citeseer}
}
% unsat core
@inproceedings{guthmann2016minimal,
  title={Minimal unsatisfiable core extraction for SMT},
  author={Guthmann, Ofer and Strichman, Ofer and Trostanetski, Anna},
  booktitle={2016 Formal Methods in Computer-Aided Design (FMCAD)},
  pages={57--64},
  year={2016},
  organization={IEEE}
}
% decision procedures
@article{nelson1980fast,
  title={Fast decision procedures based on congruence closure},
  author={Nelson, Greg and Oppen, Derek C},
  journal={Journal of the ACM (JACM)},
  volume={27},
  number={2},
  pages={356--364},
  year={1980},
  publisher={ACM New York, NY, USA}
}
% egg
@article{willsey2020egg,
  title={Egg: Fast and extensible equality saturation},
  author={Willsey, Max and Nandi, Chandrakana and Wang, Yisu Remy and Flatt, Oliver and Tatlock, Zachary and Panchekha, Pavel},
  journal={arXiv preprint arXiv:2004.03082},
  year={2020}
}