
% Journals

% First the Full Name is given, then the abbreviation used in the AMS Math
% Reviews, with an indication if it could not be found there.
% Note the 2nd overwrites the 1st, so swap them if you want the full name.

 %{AMS}
 @String{AMSTrans = "American Mathematical Society Translations" }
 @String{AMSTrans = "Amer. Math. Soc. Transl." }
 @String{BullAMS = "Bulletin of the American Mathematical Society" }
 @String{BullAMS = "Bull. Amer. Math. Soc." }
 @String{ProcAMS = "Proceedings of the American Mathematical Society" }
 @String{ProcAMS = "Proc. Amer. Math. Soc." }
 @String{TransAMS = "Transactions of the American Mathematical Society" }
 @String{TransAMS = "Trans. Amer. Math. Soc." }

 %ACM
 @String{CACM = "Communications of the {ACM}" }
 @String{CACM = "Commun. {ACM}" }
 @String{CompServ = "Comput. Surveys" }
 @String{JACM = "J. ACM" }
 @String{ACMMathSoft = "{ACM} Transactions on Mathematical Software" }
 @String{ACMMathSoft = "{ACM} Trans. Math. Software" }
 @String{SIGNUM = "{ACM} {SIGNUM} Newsletter" }
 @String{SIGNUM = "{ACM} {SIGNUM} Newslett." }

 @String{AmerSocio = "American Journal of Sociology" }
 @String{AmerStatAssoc = "Journal of the American Statistical Association" }
 @String{AmerStatAssoc = "J. Amer. Statist. Assoc." }
 @String{ApplMathComp = "Applied Mathematics and Computation" }
 @String{ApplMathComp = "Appl. Math. Comput." }
 @String{AmerMathMonthly = "American Mathematical Monthly" }
 @String{AmerMathMonthly = "Amer. Math. Monthly" }
 @String{BIT = "{BIT}" }
 @String{BritStatPsych = "British Journal of Mathematical and Statistical
          Psychology" }
 @String{BritStatPsych = "Brit. J. Math. Statist. Psych." }
 @String{CanMathBull = "Canadian Mathematical Bulletin" }
 @String{CanMathBull = "Canad. Math. Bull." }
 @String{CompApplMath = "Journal of Computational and Applied Mathematics" }
 @String{CompApplMath = "J. Comput. Appl. Math." }
 @String{CompPhys = "Journal of Computational Physics" }
 @String{CompPhys = "J. Comput. Phys." }
 @String{CompStruct = "Computers and Structures" }
 @String{CompStruct = "Comput. \& Structures" }
 @String{CompJour = "The Computer Journal" }
 @String{CompJour = "Comput. J." }
 @String{CompSysSci = "Journal of Computer and System Sciences" }
 @String{CompSysSci = "J. Comput. System Sci." }
 @String{Computing = "Computing" }
 @String{ContempMath = "Contemporary Mathematics" }
 @String{ContempMath = "Contemp. Math." }
 @String{Crelle = "Crelle's Journal" }
 @String{GiornaleMath = "Giornale di Mathematiche" }
 @String{GiornaleMath = "Giorn. Mat." } % didn't find in AMS MR., ibid.

 %IEEE
 @String{Computer = "{IEEE} Computer" }
 @String{IEEETransComp = "{IEEE} Transactions on Computers" }
 @String{IEEETransComp = "{IEEE} Trans. Comput." }
 @String{IEEETransAC = "{IEEE} Transactions on Automatic Control" }
 @String{IEEETransAC = "{IEEE} Trans. Automat. Control" }
 @String{IEEESpec = "{IEEE} Spectrum" } % didn't find in AMS MR
 @String{ProcIEEE = "Proceedings of the {IEEE}" }
 @String{ProcIEEE = "Proc. {IEEE}" } % didn't find in AMS MR
 @String{IEEETransAeroElec = "{IEEE} Transactions on Aerospace and Electronic
     Systems" }
 @String{IEEETransAeroElec = "{IEEE} Trans. Aerospace Electron. Systems" }

 @String{IMANumerAna = "{IMA} Journal of Numerical Analysis" }
 @String{IMANumerAna = "{IMA} J. Numer. Anal." }
 @String{InfProcLet = "Information Processing Letters" }
 @String{InfProcLet = "Inform. Process. Lett." }
 @String{InstMathApp = "Journal of the Institute of Mathematics and
     its Applications" }
 @String{InstMathApp = "J. Inst. Math. Appl." }
 @String{IntControl = "International Journal of Control" }
 @String{IntControl = "Internat. J. Control" }
 @String{IntNumerEng = "International Journal for Numerical Methods in
     Engineering" }
 @String{IntNumerEng = "Internat. J. Numer. Methods Engrg." }
 @String{IntSuper = "International Journal of Supercomputing Applications" }
 @String{IntSuper = "Internat. J. Supercomputing Applic." } % didn't find
%% in AMS MR
 @String{Kibernetika = "Kibernetika" }
 @String{JResNatBurStand = "Journal of Research of the National Bureau
     of Standards" }
 @String{JResNatBurStand = "J. Res. Nat. Bur. Standards" }
 @String{LinAlgApp = "Linear Algebra and its Applications" }
 @String{LinAlgApp = "Linear Algebra Appl." }
 @String{MathAnaAppl = "Journal of Mathematical Analysis and Applications" }
 @String{MathAnaAppl = "J. Math. Anal. Appl." }
 @String{MathAnnalen = "Mathematische Annalen" }
 @String{MathAnnalen = "Math. Ann." }
 @String{MathPhys = "Journal of Mathematical Physics" }
 @String{MathPhys = "J. Math. Phys." }
 @String{MathComp = "Mathematics of Computation" }
 @String{MathComp = "Math. Comp." }
 @String{MathScand = "Mathematica Scandinavica" }
 @String{MathScand = "Math. Scand." }
 @String{TablesAidsComp = "Mathematical Tables and Other Aids to Computation" }
 @String{TablesAidsComp = "Math. Tables Aids Comput." }
 @String{NumerMath = "Numerische Mathematik" }
 @String{NumerMath = "Numer. Math." }
 @String{PacificMath = "Pacific Journal of Mathematics" }
 @String{PacificMath = "Pacific J. Math." }
 @String{ParDistComp = "Journal of Parallel and Distributed Computing" }
 @String{ParDistComp = "J. Parallel and Distrib. Comput." } % didn't find
%% in AMS MR
 @String{ParComputing = "Parallel Computing" }
 @String{ParComputing = "Parallel Comput." }
 @String{PhilMag = "Philosophical Magazine" }
 @String{PhilMag = "Philos. Mag." }
 @String{ProcNAS = "Proceedings of the National Academy of Sciences
                    of the USA" }
 @String{ProcNAS = "Proc. Nat. Acad. Sci. U. S. A." }
 @String{Psychometrika = "Psychometrika" }
 @String{QuartMath = "Quarterly Journal of Mathematics, Oxford, Series (2)" }
 @String{QuartMath = "Quart. J. Math. Oxford Ser. (2)" }
 @String{QuartApplMath = "Quarterly of Applied Mathematics" }
 @String{QuartApplMath = "Quart. Appl. Math." }
 @String{RevueInstStat = "Review of the International Statisical Institute" }
 @String{RevueInstStat = "Rev. Inst. Internat. Statist." }

 %SIAM
 @String{JSIAM = "Journal of the Society for Industrial and Applied
     Mathematics" }
 @String{JSIAM = "J. Soc. Indust. Appl. Math." }
 @String{JSIAMB = "Journal of the Society for Industrial and Applied
     Mathematics, Series B, Numerical Analysis" }
 @String{JSIAMB = "J. Soc. Indust. Appl. Math. Ser. B Numer. Anal." }
 @String{SIAMAlgMeth = "{SIAM} Journal on Algebraic and Discrete Methods" }
 @String{SIAMAlgMeth = "{SIAM} J. Algebraic Discrete Methods" }
 @String{SIAMAppMath = "{SIAM} Journal on Applied Mathematics" }
 @String{SIAMAppMath = "{SIAM} J. Appl. Math." }
 @String{SIAMComp = "{SIAM} Journal on Computing" }
 @String{SIAMComp = "{SIAM} J. Comput." }
 @String{SIAMMatrix = "{SIAM} Journal on Matrix Analysis and Applications" }
 @String{SIAMMatrix = "{SIAM} J. Matrix Anal. Appl." }
 @String{SIAMNumAnal = "{SIAM} Journal on Numerical Analysis" }
 @String{SIAMNumAnal = "{SIAM} J. Numer. Anal." }
 @String{SIAMReview = "{SIAM} Review" }
 @String{SIAMReview = "{SIAM} Rev." }
 @String{SIAMSciStat = "{SIAM} Journal on Scientific and Statistical
     Computing" }
 @String{SIAMSciStat = "{SIAM} J. Sci. Statist. Comput." }

 @String{SoftPracExp = "Software Practice and Experience" }
 @String{SoftPracExp = "Software Prac. Experience" } % didn't find in AMS MR
 @String{StatScience = "Statistical Science" }
 @String{StatScience = "Statist. Sci." }
 @String{Techno = "Technometrics" }
 @String{USSRCompMathPhys = "{USSR} Computational Mathematics and Mathematical
     Physics" }
 @String{USSRCompMathPhys = "{U. S. S. R.} Comput. Math. and Math. Phys." }
 @String{VLSICompSys = "Journal of {VLSI} and Computer Systems" }
 @String{VLSICompSys = "J. {VLSI} Comput. Syst." }
 @String{ZAngewMathMech = "Zeitschrift fur Angewandte Mathematik und
     Mechanik" }
 @String{ZAngewMathMech = "Z. Angew. Math. Mech." }
 @String{ZAngewMathPhys = "Zeitschrift fur Angewandte Mathematik und Physik" }
 @String{ZAngewMathPhys = "Z. Angew. Math. Phys." }

% Publishers % ================================================= |

 @String{Academic = "Academic Press" }
 @String{ACMPress = "{ACM} Press" }
 @String{AdamHilger = "Adam Hilger" }
 @String{AddisonWesley = "Addison-Wesley" }
 @String{AllynBacon = "Allyn and Bacon" }
 @String{AMS = "American Mathematical Society" }
 @String{Birkhauser = "Birkha{\"u}ser" }
 @String{CambridgePress = "Cambridge University Press" }
 @String{Chelsea = "Chelsea" }
 @String{ClaredonPress = "Claredon Press" }
 @String{DoverPub = "Dover Publications" }
 @String{Eyolles = "Eyolles" }
 @String{HoltRinehartWinston = "Holt, Rinehart and Winston" }
 @String{Interscience = "Interscience" }
 @String{JohnsHopkinsPress = "The Johns Hopkins University Press" }
 @String{JohnWileySons = "John Wiley and Sons" }
 @String{Macmillan = "Macmillan" }
 @String{MathWorks = "The Math Works Inc." }
 @String{McGrawHill = "McGraw-Hill" }
 @String{NatBurStd = "National Bureau of Standards" }
 @String{NorthHolland = "North-Holland" }
 @String{OxfordPress = "Oxford University Press" }  %address Oxford or London?
 @String{PergamonPress = "Pergamon Press" }
 @String{PlenumPress = "Plenum Press" }
 @String{PrenticeHall = "Prentice-Hall" }
 @String{SIAMPub = "{SIAM} Publications" }
 @String{Springer = "Springer-Verlag" }
 @String{TexasPress = "University of Texas Press" }
 @String{VanNostrand = "Van Nostrand" }
 @String{WHFreeman = "W. H. Freeman and Co." }

%Entries

@article{barnat2016analysing,
    title={Analysing sanity of requirements for avionics systems},
    author={Barnat, Ji{\v{r}}{\'\i} and Bauch, Petr and Bene{\v{s}}, Nikola and Brim, Lubo{\v{s}} and Beran, Jan and Kratochv{\'\i}la, Tom{\'a}{\v{s}}},
    journal={Formal Aspects of Computing},
    volume={28},
    pages={45--63},
    year={2016},
    publisher={Springer}
  }
  % switch this out for the longer one
@inproceedings{filipovikj2017smt,
  title={SMT-based consistency analysis of industrial systems requirements},
  author={Filipovikj, Predrag and Rodriguez-Navas, Guillermo and Nyberg, Mattias and Seceleanu, Cristina},
  booktitle={Proceedings of the Symposium on Applied Computing},
  pages={1272--1279},
  year={2017}
}
@inproceedings{kupferman2006sanity,
  title={Sanity checks in formal verification},
  author={Kupferman, Orna},
  booktitle={CONCUR 2006--Concurrency Theory: 17th International Conference, CONCUR 2006, Bonn, Germany, August 27-30, 2006. Proceedings 17},
  pages={37--51},
  year={2006},
  organization={Springer}
}
@inproceedings{leino2010dafny,
  title={Dafny: An automatic program verifier for functional correctness},
  author={Leino, K Rustan M},
  booktitle={Logic for Programming, Artificial Intelligence, and Reasoning: 16th International Conference, LPAR-16, Dakar, Senegal, April 25--May 1, 2010, Revised Selected Papers 16},
  pages={348--370},
  year={2010},
  organization={Springer}
}
% this is where I got my ideas for how to find unconstrained outputs
@inproceedings{jaffe1989completeness,
  title={Completeness, robustness, and safety in real-time software requirements specification},
  author={Jaffe, Matthew S and Leveson, Nancy G},
  booktitle={Proceedings of the 11th international conference on Software engineering},
  pages={302--311},
  year={1989}
}
@inproceedings{de2008z3,
  title={Z3: An efficient SMT solver},
  author={De Moura, Leonardo and Bj{\o}rner, Nikolaj},
  booktitle={Tools and Algorithms for the Construction and Analysis of Systems: 14th International Conference, TACAS 2008, Held as Part of the Joint European Conferences on Theory and Practice of Software, ETAPS 2008, Budapest, Hungary, March 29-April 6, 2008. Proceedings 14},
  pages={337--340},
  year={2008},
  organization={Springer}
}
@inproceedings{barnat2012checking,
  title={Checking sanity of software requirements},
  author={Barnat, Ji{\v{r}}{\'\i} and Bauch, Petr and Brim, Lubo{\v{s}}},
  booktitle={Software Engineering and Formal Methods: 10th International Conference, SEFM 2012, Thessaloniki, Greece, October 1-5, 2012. Proceedings 10},
  pages={48--62},
  year={2012},
  organization={Springer}
}
@inproceedings{rozier2016specification,
  title={Specification: The biggest bottleneck in formal methods and autonomy},
  author={Rozier, Kristin Yvonne},
  booktitle={Verified Software. Theories, Tools, and Experiments: 8th International Conference, VSTTE 2016, Toronto, ON, Canada, July 17--18, 2016, Revised Selected Papers 8},
  pages={8--26},
  year={2016},
  organization={Springer}
}
@inproceedings{fedchin2023toolkit,
author = {Fedchin, Aleksandr and Dean, Tyler and Foster, Jeffrey S. and Mercer, Eric and Rakamari\'{c}, Zvonimir and Reger, Giles and Rungta, Neha and Salkeld, Robin and Wagner, Lucas and Waldrip, Cassidy},
title = {A Toolkit For Automated Testing Of Dafny},
year = {2023},
isbn = {978-3-031-33169-5},
publisher = {Springer-Verlag},
address = {Berlin, Heidelberg},
url = {https://doi.org/10.1007/978-3-031-33170-1_24},
doi = {10.1007/978-3-031-33170-1_24},
booktitle = {NASA Formal Methods: 15th International Symposium, NFM 2023, Houston, TX, USA, May 16–18, 2023, Proceedings},
pages = {397–413},
numpages = {17},
location = {Houston, TX, USA}
}
@article{meyer1992applying,
  title={Applying'design by contract'},
  author={Meyer, Bertrand},
  journal={Computer},
  volume={25},
  number={10},
  pages={40--51},
  year={1992},
  publisher={IEEE}
}
% Liskov principle
@inproceedings{liskov1987keynote,
  title={Keynote address-data abstraction and hierarchy},
  author={Liskov, Barbara},
  booktitle={Addendum to the proceedings on Object-oriented programming systems, languages and applications (Addendum)},
  pages={17--34},
  year={1987}
}
% BDDs
@article{akers1978functional,
  title={Functional testing with binary decision diagrams},
  author={Akers, SB},
  journal={Journal of Design Automation \& Fault-Tolerant Computing},
  volume={2},
  number={4},
  pages={311--331},
  year={1978},
  publisher={COMPUTER SCIENCE PRESS INC 1803 RESEARCH BLVD, ROCKVILLE, MD 20850}
}
% logic minimization using BDDs
@inproceedings{yang2000bds,
  title={BDS: A BDD-based logic optimization system},
  author={Yang, Congguang and Ciesielski, Maciej and Singhal, Vigyan},
  booktitle={Proceedings of the 37th Annual Design Automation Conference},
  pages={92--97},
  year={2000}
}
% complexity of logic minimization
@article{umans2006complexity,
  title={Complexity of two-level logic minimization},
  author={Umans, Christopher and Villa, Tiziano and Sangiovanni-Vincentelli, Alberto L},
  journal={IEEE Transactions on Computer-Aided Design of Integrated Circuits and Systems},
  volume={25},
  number={7},
  pages={1230--1246},
  year={2006},
  publisher={IEEE}
}
% two-level logic minimization
@article{coudert1994two,
  title={Two-level logic minimization: an overview},
  author={Coudert, Olivier},
  journal={Integration},
  volume={17},
  number={2},
  pages={97--140},
  year={1994},
  publisher={Elsevier}
}
% eiffel
@article{meyer1988eiffel,
  title={Eiffel: A language and environment for software engineering},
  author={Meyer, Bertrand},
  journal={Journal of Systems and Software},
  volume={8},
  number={3},
  pages={199--246},
  year={1988},
  publisher={Elsevier}
}
% AGREE
@article{mercer2023synthesizing,
  title={Synthesizing verified components for cyber assured systems engineering},
  author={Mercer, Eric and Slind, Konrad and Amundson, Isaac and Cofer, Darren and Babar, Junaid and Hardin, David},
  journal={Software and Systems Modeling},
  pages={1--21},
  year={2023},
  publisher={Springer}
}
% Alloy
@article{jackson2002alloy,
  title={Alloy: a lightweight object modelling notation},
  author={Jackson, Daniel},
  journal={ACM Transactions on software engineering and methodology (TOSEM)},
  volume={11},
  number={2},
  pages={256--290},
  year={2002},
  publisher={ACM New York, NY, USA}
}
% F#
@article{syme2010f,
  title={The F\# 2.0 language specification},
  author={Syme, Don and Hoban, Luke and Liu, Tao and Lomov, Dmitry and Margetson, James and McNamara, Brian and Pamer, Joe and Orwick, Penny and Quirk, Daniel and Smith, Chris and others},
  journal={Microsoft, August},
  year={2010}
}
% JML
@inproceedings{leavens1998jml,
  title={JML: a Java modeling language},
  author={Leavens, Gary T and Baker, Albert L and Ruby, Clyde},
  booktitle={Formal Underpinnings of Java Workshop (at OOPSLA’98)},
  pages={404--420},
  year={1998},
  organization={Citeseer}
}
% unsat core
@inproceedings{guthmann2016minimal,
  title={Minimal unsatisfiable core extraction for SMT},
  author={Guthmann, Ofer and Strichman, Ofer and Trostanetski, Anna},
  booktitle={2016 Formal Methods in Computer-Aided Design (FMCAD)},
  pages={57--64},
  year={2016},
  organization={IEEE}
}
% decision procedures
@article{nelson1980fast,
  title={Fast decision procedures based on congruence closure},
  author={Nelson, Greg and Oppen, Derek C},
  journal={Journal of the ACM (JACM)},
  volume={27},
  number={2},
  pages={356--364},
  year={1980},
  publisher={ACM New York, NY, USA}
}
% egg
@article{willsey2020egg,
  title={Egg: Fast and extensible equality saturation},
  author={Willsey, Max and Nandi, Chandrakana and Wang, Yisu Remy and Flatt, Oliver and Tatlock, Zachary and Panchekha, Pavel},
  journal={arXiv preprint arXiv:2004.03082},
  year={2020}
}
@article{leino2008boogie,
  title={This is boogie 2},
  author={Leino, K Rustan M},
  journal={manuscript KRML},
  volume={178},
  number={131},
  pages={9},
  year={2008},
  publisher={Citeseer}
}
@inproceedings{leino2016trigger,
  title={Trigger selection strategies to stabilize program verifiers},
  author={Leino, K Rustan M and Pit-Claudel, Cl{\'e}ment},
  booktitle={Computer Aided Verification: 28th International Conference, CAV 2016, Toronto, ON, Canada, July 17-23, 2016, Proceedings, Part I 28},
  pages={361--381},
  year={2016},
  organization={Springer}
}
@misc{contractrepo,
  author = {Repository with implementation is not available until after review as it contains indentifying information.},
  title = {Dafny Contract Integrity},
}
